<record><leader>00000cas a2200000 a 4500</leader><controlfield tag="001">26728289</controlfield><controlfield tag="008">921005d18941948cauwr ne      0    0eng c</controlfield><datafield ind1=" " ind2=" " tag="010"><subfield code="a">sn 92068937 </subfield></datafield><datafield ind1=" " ind2=" " tag="040"><subfield code="a">CNK</subfield><subfield code="b">eng</subfield><subfield code="c">CNK</subfield><subfield code="d">OCLCQ</subfield><subfield code="d">OCLCF</subfield><subfield code="d">OCLCO</subfield></datafield><datafield ind1="1" ind2=" " tag="029"><subfield code="a">AU@</subfield><subfield code="b">000020735366</subfield></datafield><datafield ind1=" " ind2=" " tag="042"><subfield code="a">pcc</subfield></datafield><datafield ind1=" " ind2=" " tag="043"><subfield code="a">n-us-ca</subfield></datafield><datafield ind1="0" ind2="0" tag="245"><subfield code="a">Fall River tidings.</subfield></datafield><datafield ind1="1" ind2=" " tag="246"><subfield code="i">Published as:</subfield><subfield code="a">Tidings</subfield><subfield code="f">&lt;June 1, 1906-Mar. 22, 1907&gt;</subfield></datafield><datafield ind1=" " ind2=" " tag="260"><subfield code="a">Fall River Mills, Shasta Co., Cal. :</subfield><subfield code="b">D.C. Slater</subfield></datafield><datafield ind1=" " ind2=" " tag="300"><subfield code="a">v.</subfield></datafield><datafield ind1=" " ind2=" " tag="310"><subfield code="a">Weekly</subfield></datafield><datafield ind1="1" ind2=" " tag="362"><subfield code="a">Began in 1894.</subfield></datafield><datafield ind1="0" ind2=" " tag="362"><subfield code="a">-v. 55, no. 15 (Mar. 19, 1948).</subfield></datafield><datafield ind1=" " ind2=" " tag="588"><subfield code="a">Description based on: Vol. 1, no. 2 (June 29, 1894).</subfield></datafield><datafield ind1=" " ind2="0" tag="651"><subfield code="a">Shasta County (Calif.)</subfield><subfield code="v">Newspapers.</subfield></datafield><datafield ind1=" " ind2="7" tag="655"><subfield code="a">Newspapers.</subfield><subfield code="2">fast</subfield><subfield code="0">(OCoLC)fst01423814</subfield></datafield><datafield ind1=" " ind2="7" tag="651"><subfield code="a">California</subfield><subfield code="z">Shasta County.</subfield><subfield code="2">fast</subfield><subfield code="0">(OCoLC)fst01215710</subfield></datafield><datafield ind1=" " ind2=" " tag="752"><subfield code="a">United States</subfield><subfield code="b">California</subfield><subfield code="c">Shasta</subfield><subfield code="d">Fall River Mills.</subfield></datafield><datafield ind1="0" ind2="7" tag="785"><subfield code="t">Burney logger</subfield><subfield code="w">(DLC)sn 96062707</subfield></datafield><datafield ind1="0" ind2="7" tag="785"><subfield code="t">Logger-tidings</subfield><subfield code="w">(DLC)sn 96062708</subfield></datafield></record>